Rotaru, M., Litman, D.J.: Improving question answering for reading comprehension tests by combining multiple systems. In: Proceedings of the American Association for Artificial Intelligence (AAAI) 2005 Workshop on Question Answering in Restricted Domains, Pittsburgh, PA (2005).

@inproceedings{rotaru2005,
  author = {Rotaru, M. and Litman, D.J.},
  title = {{Improving Question Answering for Reading Comprehension
  Tests by Combining Multiple Systems.}},
  booktitle = {Proceedings of the American Association for Artificial
  Intelligence: Workshop on Question Answering in Restricted Domains.},
  year = {2005},
  abstract = {ABSTRACT},
}


